<?xml version="1.0" encoding="UTF-8"?><collection xmlns="http://www.loc.gov/MARC21/slim"><record><leader>00437nam--2200157-i-4500</leader><controlfield tag="001">000030388</controlfield><controlfield tag="002">20161230</controlfield><controlfield tag="005">20170112235540</controlfield><controlfield tag="008">060222s1000------------r-----000-0-eng-d</controlfield><datafield ind1=" " ind2=" " tag="080"><subfield code="a">621.38.04:621.382</subfield></datafield><datafield ind1=" " ind2=" " tag="100"><subfield code="a">Manera, Anthony S</subfield></datafield><datafield ind1=" " ind2=" " tag="245"><subfield code="a">Solid state electronic circuits: for engineering technology</subfield></datafield><datafield ind1=" " ind2=" " tag="260"><subfield code="a">New York</subfield><subfield code="b">McGraw-Hill Book Company</subfield><subfield code="c">1973</subfield></datafield><datafield ind1=" " ind2=" " tag="300"><subfield code="a">XV + 806 p</subfield></datafield><datafield ind1=" " ind2=" " tag="852"><subfield code="a">42338</subfield></datafield><datafield ind1=" " ind2=" " tag="CAT"><subfield code="a">SYS</subfield><subfield code="c">20170112</subfield><subfield code="h">235540</subfield></datafield></record></collection>